@book{BD_NoSQL,
author = {Rudi Bruchez},
title = {Les bases de données NoSQL - Comprendre et mettre en oeuvre},
year = {2013},
publisher= {Eyrolles}
}
@Misc{bertrand,
  author =       {Bertrand Alain},
  title =        {La branche armée du féminisme : les Amazones},
  howpublished = {\url{http://revuelabyrinthe.org/document742.html}},
  year =         {Mis en ligne le 20 avril 2005, consulté le 23 septembre 2007},
}